@article{gratch2004domain,
  title={A domain-independent framework for modeling emotion},
  author={Gratch, Jonathan and Marsella, Stacy},
  journal={Cognitive Systems Research},
  volume={5},
  number={4},
  pages={269--306},
  year={2004},
  publisher={Elsevier}
}

@incollection{Riedl2011:multiplayer,
title = {Robust and Authorable Multiplayer Storytelling Experiences},
author = {Mark O. Riedl and Boyang Li and Hua Ai and and Ashwin Ram},
booktitle = {Proceedings of the 7th Annual Conference on Artificial Intelligence and Interactive Digital Entertainment},
year={2011},
}

@inproceedings{afonso2008agents,
  title={Agents that relate: Improving the social believability of non-player characters in role-playing games},
  author={Afonso, Nuno and Prada, Rui},
  booktitle={International Conference on Entertainment Computing},
  pages={34--45},
  year={2008},
  organization={Springer}
}

@incollection{verhagen2013social,
  title={Social Believability in Games},
  author={Verhagen, Harko and Eladhari, Mirjam Palosaari and Johansson, Magnus and McCoy, Joshua},
  booktitle={Advances in Computer Entertainment},
  pages={649--652},
  year={2013},
  publisher={Springer}
}

@inproceedings{guimaraes2017prom,
  title={Prom week meets skyrim: Developing a social agent architecture in a commercial game},
  author={Guimar{\~a}es, Manuel and Santos, Pedro and Jhala, Arnav},
  booktitle={Proceedings of the 16th Conference on Autonomous Agents and MultiAgent Systems},
  pages={1562--1564},
  year={2017},
  organization={International Foundation for Autonomous Agents and Multiagent Systems}
}

@book{latour2005reassembling,
  title={Reassembling the social: An introduction to actor-network-theory},
  author={Latour, Bruno},
  year={2005},
  publisher={Oxford university press}
}

@article{meehan1981tale,
  title={Tale-spin},
  author={Meehan, James},
  journal={Inside computer understanding: Five programs plus miniatures},
  pages={197--226},
  year={1981},
  publisher={Erlbaum, Hillsdale, NJ}
}

@misc{openai_2017, 
	title={Universe}, 
    url={https://blog.openai.com/universe/}, 
    journal={OpenAI Blog}, 
    publisher={OpenAI Blog}, 
    author={OpenAI}, year={2017}, month={Mar}
}

@article{brooks2016scottish,
  title={Scottish Brexit voters pose quandary for independence campaign,â€ž},
  author={Brooks, Libby},
  journal={The Guardian},
  volume={7},
  year={2016}
}

@article{jowett2014girls,
  title={The girls who waited? Female companions and gender in Doctor Who},
  author={Jowett, Lorna},
  journal={Critical Studies in Television},
  volume={9},
  number={1},
  pages={77--94},
  year={2014},
  publisher={Sage Publications Sage UK: London, England}
}

@misc{selfdrivinggta_2016, 
	title={Self Driving Cars Can Learn A Lot By Playing Grand Theft Auto}, 
    url={https://www.technologyreview.com/s/602317/self-driving-cars-can-learn-a-lot-by-playing-grand-theft-auto/}, 
    journal={MIT Technology Review}, 
    publisher={MIT Technology Review}, 
    author={MIT Technology Review}, year={2016}, month={Sep}
}



@inproceedings{bartoli2012emergency,
  title={Emergency medicine training with gesture driven interactive 3D simulations},
  author={Bartoli, Giovanna and Del Bimbo, Alberto and Faconti, Martino and Ferracani, Andrea and Marini, Vittoria and Pezzatini, Daniele and Seidenari, Lorenzo and Zilleruelo, Felipe},
  booktitle={Proceedings of the 2012 ACM workshop on User experience in e-learning and augmented technologies in education},
  pages={25--30},
  year={2012},
  organization={ACM}
}

@article{young2004architecture,
  title={An architecture for integrating plan-based behavior generation with interactive game environments},
  author={Young, R Michael and Riedl, Mark O and Branly, Mark and Jhala, Arnav and Martin, RJ and Saretto, CJ},
  journal={Journal of Game Development},
  volume={1},
  number={1},
  pages={51--70},
  year={2004}
}

@inproceedings{vanlehn1996conceptual,
  title={Conceptual and meta learning during coached problem solving},
  author={VanLehn, Kurt},
  booktitle={Intelligent Tutoring Systems},
  pages={29--47},
  year={1996},
  organization={Springer}
}

@techreport{swartout2006toward,
  title={Toward the holodeck: Integrating graphics, sound, character and story},
  author={Swartout, William and Hill, Randall and Gratch, Jonathan and Johnson, W Lewis and Kyriakakis, Chris and LaBore, Catherine and Lindheim, Richard and Marsella, Stacy and Miraglia, David and Moore, Ben},
  year={2006},
  institution={UNIVERSITY OF SOUTHERN CALIFORNIA MARINA DEL REY CA INST FOR CREATIVE TECHNOLOGIES}
}

@techreport{banta2004virtual,
  title={The Virtual Observer/Controller (VOC): Automated Intelligent Coaching in Dismounted Warrior Simulations},
  author={Banta, H George and Troillet, David B and Heffernan, Neil T and Plamondon, Brian and Beal, Scott A},
  year={2004},
  institution={SONALYSTS INC WATERFORD CT}
}

@inproceedings{riedl2006believable,
  title={Believable agents and intelligent scenario direction for social and cultural leadership training},
  author={Riedl, Mark O and Stern, Andrew},
  booktitle={Proceedings of the 15th Conference on Behavior Representation in Modeling and Simulation},
  year={2006}
}

@inproceedings{mateas2003faccade,
  title={Fa{\c{c}}ade: An experiment in building a fully-realized interactive drama},
  author={Mateas, Michael and Stern, Andrew},
  booktitle={Game developers conference},
  volume={2},
  year={2003}
}

@article{hegselmann2002opinion,
  title={Opinion dynamics and bounded confidence models, analysis, and simulation},
  author={Hegselmann, Rainer and Krause, Ulrich and others},
  journal={Journal of artificial societies and social simulation},
  volume={5},
  number={3},
  year={2002},
  publisher={Citeseer}
}

@article{wang2014modeling,
  title={Modeling self-perception agents in an opinion dynamics propagation society},
  author={Wang, Sheng-Wen and Huang, Chung-Yuan and Sun, Chuen-Tsai},
  journal={Simulation},
  volume={90},
  number={3},
  pages={238--248},
  year={2014},
  publisher={SAGE Publications Sage UK: London, England}
}

@inproceedings{zyda2010designing,
  title={Designing a Massively Multiplayer Online Game/Research Testbed Featuring AI-Driven NPC Communities.},
  author={Zyda, Michael and Spraragen, Marc and Ranganathan, Balki and Arnason, Bjarni and Landwehr, Peter M},
  booktitle={AIIDE},
  year={2010}
}

@inproceedings{Porteous2013,
 author = {Porteous, Julie and Charles, Fred and Cavazza, Marc},
 title = {NetworkING: Using Character Relationships for Interactive Narrative Generation},
 booktitle = {Proceedings of the 2013 International Conference on Autonomous Agents and Multi-agent Systems},
 series = {AAMAS '13},
 year = {2013},
 isbn = {978-1-4503-1993-5},
 location = {St. Paul, MN, USA},
 pages = {595--602},
 numpages = {8},
 url = {http://dl.acm.org/citation.cfm?id=2484920.2485015},
 acmid = {2485015},
 publisher = {International Foundation for Autonomous Agents and Multiagent Systems},
 address = {Richland, SC},
 keywords = {interactive storytelling, narrative modeling, planning},
} 
